<?xml version="1.0" encoding="UTF-8"?><record xmlns="http://www.loc.gov/MARC21/slim" xmlns:cinclude="http://apache.org/cocoon/include/1.0" xmlns:zs="http://www.loc.gov/zing/srw/">
  <leader>00431nz  a2200121n  4500</leader>
  <controlfield tag="001">n 2007203066</controlfield>
  <controlfield tag="003">DLC</controlfield>
  <controlfield tag="005">20070721075056.0</controlfield>
  <controlfield tag="008">070720n| acannaabn          |n aaa      </controlfield>
  <datafield tag="010" ind1=" " ind2=" ">
    <subfield code="a">n 2007203066</subfield>
  </datafield>
  <datafield tag="040" ind1=" " ind2=" ">
    <subfield code="a">DLC</subfield>
    <subfield code="b">eng</subfield>
    <subfield code="c">DLC</subfield>
  </datafield>
  <datafield tag="100" ind1="1" ind2=" ">
    <subfield code="a">Pantouw, Rinus,</subfield>
    <subfield code="d">1967-</subfield>
  </datafield>
  <datafield tag="670" ind1=" " ind2=" ">
    <subfield code="a">Hak tagih factor atas piutang dagang, 2006:</subfield>
    <subfield code="b">t.p. (Rinus Pantouw, S.H., M.Kn.) p. 413 (b. 1967 in Surabaya; S2, Magister Kenotariatan, Univ. Airlangga, Surabaya, 2005)</subfield>
  </datafield>
</record>